main.bib

@online{fbPub,
    author = {Facebook Artificial Intelligence},
    title = {Feacebook publications with topic pose estimation},
    year = 2020,
    url = {https://ai.facebook.com/results/?q=pose%20estimation&content_types[0]=publication&years[0]=2020&years[1]=2019&years[2]=2018&sort_by=relevance&view=list&page=1},
    urldate = {2020-05-03} }

@online{mocapopticalradical,
    author = {Radical},
    title = {The Body in Motion - No suits. No hardware.},
    year = 2020,
    url = {https://getrad.co/},
    urldate = {2020-05-17} }

@online{mocapopticalcapture,
    author = {https://thecaptury.com/},
    title = {THE CAPTURY - Markerless Motion Capture},
    year = 2020,
    url = {https://thecaptury.com/},
    urldate = {2020-05-17} }

@article{spaBloomberg,
    author = {Bloomberg Press Room},
    title = {Bloomberg Sports Launches “Stats Insights,” Sports Analysis Blog},
    year = 2012,
    url = {https://www.bloomberg.com/company/press/bloomberg-sports-launches-stats-insights-sports-analysis-blog/},
    urldate = {2020-05-11} }

@article{sappanasonic,
    author = {David Fox},
    title = {Video-based sports analytics system from SAP and Panasonic announced at IBC},
    journal = {SVG europe},
    year = {2014},
    url = {https://www.svgeurope.org/blog/headlines/video-based-sports-analytics-from-sap-and-panasonic-announced-at-ibc/},
    urldate = {2020-05-11} }

@article{coronalife,
    author = {Sabrina Barr},
    title = {CORONAVIRUS: FROM YOGA TO BARRY'S BOOTCAMP — BEST EXERCISE CLASSES ON ZOOM, INSTAGRAM AND YOUTUBE},
    journal = {Independent},
    year = {2020},
    url = {https://www.independent.co.uk/life-style/health-and-families/coronavirus-home-workout-exercise-class-yoga-dance-kids-elderly-joe-wicks-a9421126.html},
    urldate = {2020-05-11} }

@article{coronarki,
    author = {RKI},
    title = {SARS-CoV-2 Steckbrief zur Coronavirus-Krankheit-2019 (COVID-19)},
    journal = {Robert Koch Institut},
    year = {2020},
    url = {https://www.rki.de/DE/Content/InfAZ/N/Neuartiges_Coronavirus/Steckbrief.html},
    urldate = {2020-05-11} }

@article{isuscores,
    author = {International Skating Uniion},
    year = {2018},
    url = {https://www.isu.org/docman-documents-links/isu-files/documents-communications/isu-communications/17142-isu-communication-2168/file},
    title = {Scale of Values, Levels of Difficulty and Guidelines for marking Grade of Execution, season 2018/19},
    journal = {Communication No. 2168: SINGLE \& PAIR SKATING}, }

@article{isuguideleinesgoe,
    author = {International Skating Uniion},
    title = {Levels of Difficulty and Guidelines for marking Grade of Execution and Program Components, Season 2020/21},
    journal = {Communication No. 2324: SINGLE \& PAIR SKATING},
    year = {2020},
    url = {https://www.isu.org/inside-isu/isu-communications/communications/24332-2324-sp-levels-of-difficulty-and-guidelines-for-marking-goe-final/file} }

@article{synergetic,
    author = {Ohashi, Takuya and Ikegami, Yosuke and Nakamura, Yoshihiko},
    year = {2020},
    title = {Synergetic Reconstruction from 2D Pose and 3D Motion for Wide-Space Multi-Person Video Motion Capture in the Wild}
}
@article{swimm,
    author = {B. {Victor} and Z. {He} and S. {Morgan} and D. {Miniutti}},
    booktitle = {2017 IEEE Conference on Computer Vision and Pattern Recognition Workshops (CVPRW)},
    title = {Continuous Video to Simple Signals for Swimming Stroke Detection with Convolutional Neural Networks},
    year = {2017},
    pages = {122-131}, }
@article{DensePose,
    title = {DensePose: Dense Human Pose Estimation In The Wild},
    author = {R\ {i} za Alp G\"uler, Natalia Neverova, Iasonas Kokkinos},
    journal = {The IEEE Conference on Computer Vision and Pattern Recognition (CVPR)},
    year = {2018}
}
@article{videopose3d,
    author = {D. {Pavllo} and C. {Feichtenhofer} and D. {Grangier} and M. {Auli}},
    booktitle = {2019 IEEE/CVF Conference on Computer Vision and Pattern Recognition (CVPR)},
    title = {3D Human Pose Estimation in Video With Temporal Convolutions and Semi-Supervised Training},
    year = {2019},
    key = content,pages = {7745-7754}, }

@article{openpose,
    author = {Z. {Cao} and G. {Hidalgo Martinez} and T. {Simon} and S. {Wei} and Y. A. {Sheikh}},
    journal = {IEEE Transactions on Pattern Analysis and Machine Intelligence},
    title = {OpenPose: Realtime Multi-Person 2D Pose Estimation using Part Affinity Fields},
    year = {2019},
    pages = {1-1}, }

@article{olympicsport,
    title = {Learning to Score Olympic Events},
    author = {Paritosh Parmar and Brendan Tran Morris},
    journal = {2017 IEEE Conference on Computer Vision and Pattern Recognition Workshops (CVPRW)},
    year = {2017},
    pages = {76-84}
}

@article{kinectWalkDepression,
    title = {See your mental state from your walk: Recognizing anxiety and depression through Kinect-recorded gait data},
    author = {Nan Zhao and Zhan Zhang and Yameng Wang and Jingying Wang and Baobin Li and Tingshao Zhu and Yuanyuan Xiang},
    journal = {PLoS ONE},
    year = {2019},
    volume = {14}
}

@article{videoAnomaly,
    title = {Motion-Aware Feature for Improved Video Anomaly Detection},
    author = {Yi Zhu and Shawn D. Newsam},
    booktitle = {BMVC},
    year = {2019}
}


@article{surveillance,
    title = {Real-World Anomaly Detection in Surveillance Videos},
    author = {Waqas Sultani and Chen Chen and Mubarak Shah},
    journal = {2018 IEEE/CVF Conference on Computer Vision and Pattern Recognition},
    year = {2018},
    pages = {6479-6488}
}
@article{wrnch,
    title = {wrnchAI, BUILT FOR ALL YOUR HUMAN VISION NEEDS},
    year = {2020},
    url = {https://wrnch.ai/product},
    urldate = {2020-05-12},
}


@article{maskrcnn,
    author = {K. {He} and G. {Gkioxari} and P. {Dollár} and R. {Girshick}},
    booktitle = {2017 IEEE International Conference on Computer Vision (ICCV)},
    title = {Mask R-CNN},
    year = {2017},
    pages = {2980-2988}, }

@article{simplebaselines,
    author = {B. {Xiao} and H. {Wu} and Y. {Wei} .},
    booktitle = {2018 European Conference on Computer Vision (ECCV)},
    title = {Simple Baselines for Human Pose Estimation and Tracking},
    year = {2018},
}
@article{pyramidnetwork,  author = {Y. {Chen} and Z. {Wang} and Y. {Peng} and Z. {Zhang} and G. {Yu} and J. {Sun}},
booktitle = {2018 IEEE/CVF Conference on Computer Vision and Pattern Recognition},
title = {Cascaded Pyramid Network for Multi-person Pose Estimation},
year = {2018},
pages = {7103-7112}, }

@article{highres,
    author = {K. {Sun} and B. {Xiao} and D. {Liu} and J. {Wang}},
    booktitle = {2019 IEEE/CVF Conference on Computer Vision and Pattern Recognition (CVPR)},
    title = {Deep High-Resolution Representation Learning for Human Pose Estimation},
    year = {2019},
    pages = {5686-5696}, }

@article{staf,
    author = {Y. {Raaj} and H. {Idrees} and G. {Hidalgo} and Y. {Sheikh}},
    booktitle = {2019 IEEE/CVF Conference on Computer Vision and Pattern Recognition (CVPR)},   title = {Efficient Online Multi-Person 2D Pose Tracking With Recurrent Spatio-Temporal Affinity Fields},
    year = {2019},   pages = {4615-4623}, }

@article{convpose,
    author = {S. {Wei} and V. {Ramakrishna} and T. {Kanade} and Y. {Sheikh}},
    booktitle = {2016 IEEE Conference on Computer Vision and Pattern Recognition (CVPR)},
    title = {Convolutional Pose Machines},   year = {2016},   pages = {4724-4732}, }

@article{pifpaf,
    author = {S. {Kreiss} and L. {Bertoni} and A. {Alahi}},
    booktitle = {2019 IEEE/CVF Conference on Computer Vision and Pattern Recognition (CVPR)},
    title = {PifPaf: Composite Fields for Human Pose Estimation},
    year = {2019},
    pages = {11969-11978}, }


@article{posehockey,
    author = {M. {Fani} and H. {Neher} and D. A. {Clausi} and A. {Wong} and J. {Zelek}},
    booktitle = {2017 IEEE Conference on Computer Vision and Pattern Recognition Workshops (CVPRW)},
    title = {Hockey Action Recognition via Integrated Stacked Hourglass Network},
    year = {2017},
    pages = {85-93}, }

@article{dance,
    author = {Castro, Daniel and Hickson, Steven and Sangkloy, Patsorn and Mittal, Bhavishya and Dai, Sean and Hays, James and Essa, Irfan},
    year = {2018},
    title = {Let's Dance: Learning From Online Dance Videos}
}
@article{fsd10,
    author = {Liu, Shenlan and Liu, Xiang and Huang, Gao and Feng, Lin and Hu, Lianyu and Jiang, Dong and Zhang, Aibin and Liu, Yang and Qiao, Hong},
    year = {2020},
    title = {FSD-10: A Dataset for Competitive Sports Content Analysis}
}
@article{figureskatingsimulation,
    author = {Yu, Ri and Park, Hwangpil and Lee, J.},
    year = {2019},
    month = {10},
    pages = {225-234},
    title = {Figure Skating Simulation from Video},
    volume = {38},
    journal = {Computer Graphics Forum},
    doi = {10.1111/cgf.13831}
}
@ARTICLE{scorefigureskating,
    author = {C. {Xu} and Y. {Fu} and B. {Zhang} and Z. {Chen} and Y. {Jiang} and X. {Xue}},
    journal = {IEEE Transactions on Circuits and Systems for Video Technology},
    title = {Learning to Score Figure Skating Sport Videos},
    year = {2019},
    pages = {1-1}, }

@ARTICLE{mocapmarkerless3dscans,
    author = {Z. {Liu} and J. {Huang} and S. {Bu} and J. {Han} and X. {Tang} and X. {Li}},
    journal = {IEEE Transactions on Cybernetics},
    title = {Template Deformation-Based 3-D Reconstruction of Full Human Body Scans From Low-Cost Depth Cameras},
    year = {2017},
    volume = {47},
    number = {3},
    pages = {695-708}, }
@article{gaitblender,
    author = {Charalambous, Christoforos and Bharath, Anil},
    year = {2016},
    month = {10},
    title = {A data augmentation methodology for training machine/deep learning gait recognition algorithms}
}


@article{synpose300,
    author = {Sarafianos, Nikolaos and Boteanu, Bogdan and Ionescu, Bogdan and Kakadiaris, Ioannis},
    year = {2016},
    month = {09},
    title = {3D Human Pose Estimation: A Review of the Literature and Analysis of Covariates},
    volume = {152},
    journal = {Computer Vision and Image Understanding},
    doi = {10.1016/j.cviu.2016.09.002}
}

@article{3dpeople,
    author = {Pumarola, Albert and Sanchez, Jordi and Choi, Gary and Sanfeliu, A. and Moreno-Noguer, Francesc},
    year = {2019},
    month = {04},
    title = {3DPeople: Modeling the Geometry of Dressed Humans}
}

@online{makehuman,
    url = {http://www.makehumancommunity.org/},
    urldate = {2020-05-17},
    title = {MakeHuman - Open Source tool for making 3D characters}
}
@online{blender,
    url = {https://www.blender.org/},
    urldate = {2020-05-17},
    title = {Blender.today - daily art \& development live streams},
}
@online{makehumanassets,
    url = {http://www.makehumancommunity.org/content/user_contributed_assets.html},
    urldate = {2020-05-17},
    title = {User contributed assets}
}

@online{mocapoptical,
    author = {Vicon},
    title = {Award Winning Motion Capture Systems},
    year = {2020},
    urldate = {2020-05-17} }

@online{mocapinterialneuron,
    title = {Perception Neuron Motion Capture},
    author = {Perception Neuron},
    url = {https://neuronmocap.com/},
    urldate = {2020-05-17},
}

@online{xsens,
    title = {Xsens 3D motion tracking},
    author = {XSens},
    urldate = {2020-05-17},
    url = {https://www.xsens.com/},
}

@online{xsensabout,
    url = {https://base.xsens.com/hc/en-us/community/posts/115003027934-How-do-the-Xsens-suits-actually-work},
    journal = {Base by XSens },
urldate = {2020-05-17},
year = {2017},
}
@online{stuttgarteiswelt,
    url = {https://www.stuttgart.de/eiswelt},
    title = {Eiswelt Stuttgart - Stadt Stuttgart},
    urldate = {2020-05-17} }

title = {How do the Xsens suits actually
@online{xsensmvnanimate,
    url = {https://www.xsens.com/products/mvn-animate},
    title = {MVN Animate},
    urldate = {2020-05-17} }

@online{mixamo,
    title={Get animated. Animate 3D characters for games, film and more.},
    autor = {Mixamo},
    journal = {Adobe},
    urldate = {2020-05-17},
    url = {https://www.mixamo.com/},
}
@online{mixamomotionpac,
    title={Motion Pack},
    autor = {Mixamo},
    journal = {Adobe},
    urldate = {2020-05-17},
    url = {https://www.mixamo.com/#/?page=1&type=Motion%2CMotionPac},
}
@online{adobefuse,
    title={Make custom 3D characters for your Photoshop projects.},
    autor = {Adobe Fuse},
    urldate = {2020-05-17},
    url = {https://www.adobe.com/products/fuse.html},
}
@online{human36m,
url={http://vision.imar.ro/human3.6m/description.php},
    urldate = {2020-05-17},
    title = {Human3.6M},
    autor = {Catalin {Ionescu} and Dragos {Papava} and Vlad {Olaru} and Cristian {Sminchisescu}},
}
@article{humaneva,
author = {Sigal, Leonid and Balan, Alexandru and Black, Michael},
year = {2010},
month = {03},
pages = {4-27},
title = {HumanEva: Synchronized Video and Motion Capture Dataset and Baseline Algorithm for Evaluation of Articulated Human Motion},
volume = {87},
journal = {International Journal of Computer Vision},
doi = {10.1007/s11263-009-0273-6}
}

@ARTICLE{HRNetv1,
  author={J. {Wang} and K. {Sun} and T. {Cheng} and B. {Jiang} and C. {Deng} and Y. {Zhao} and D. {Liu} and Y. {Mu} and M. {Tan} and X. {Wang} and W. {Liu} and B. {Xiao}},
  journal={IEEE Transactions on Pattern Analysis and Machine Intelligence},
  title={Deep High-Resolution Representation Learning for Visual Recognition},
  year={2020},
  pages={1-1},}

@article{HRNetv2,
author = {ke, Sun and Zhao, Yang and Jiang, Borui and Cheng, Tianheng and Xiao, Bin and Liu, Dong and Mu, Yadong and Wang, Xinggang and Liu, Wenyu and Wang, Jingdong},
year = {2019},
month = {04},
title = {High-Resolution Representations for Labeling Pixels and Regions}
}

@online{2020european,
url={http://www.isuresults.com/results/season1920/ec2020/CAT002RS.htm},
    urldate={2020-05-22},
    date = {2020},
    author = {ISU International Skating Unigion},
    title = {ISU European Figure Skating 2020 - Ladies - Result}
}

@online{mobileAI,
url={https://medium.com/neuromation-blog/whats-the-deal-with-ai-chips-in-the-latest-smartphones-28eb16dc9f45},
    urldate={2020-05-22},
    year = {2018},
    author = {Neuromation},
    title = {What’s the deal with “AI chips” in the Latest Smartphones?},
    journal = {Medium},
}

@online{tensorflow2,
    url={https://www.tensorflow.org/overview/},
    urldate={2020-05-22},
    year = {2020},
    author = {Tensorflow},
    title = {TensorFlow Core},
}

@online{tensorflowdocker,
    url={https://hub.docker.com/r/tensorflow/tensorflow/tags},
    urldate={2020-05-22},
    year = {2020},
    author = {Tensorflow},
    title = {dockerhub - tensorflow},
}

@article{mobilenet,
author = {Sinha, Debjyoti and El-Sharkawy, Mohamed},
year = {2019},
month = {10},
pages = {0280-0285},
title = {Thin MobileNet: An Enhanced MobileNet Architecture},
doi = {10.1109/UEMCON47517.2019.8993089}
}

@article{unet,
author = {Ronneberger, Olaf and Fischer, Philipp and Brox, Thomas},
year = {2015},
month = {10},
pages = {234-241},
title = {U-Net: Convolutional Networks for Biomedical Image Segmentation},
volume = {9351},
isbn = {978-3-319-24573-7},
journal = {LNCS},
doi = {10.1007/978-3-319-24574-4_28}
}

@article{sgd,
author = {Robbins, Herbert and Monro, Sutton},
year = {1951},
month = {09},
pages = {400-407},
title = {A Stochastic Approximation Method},
volume = {22},
journal = {Annals of Mathematical Statistics},
doi = {10.1214/aoms/1177729586}
}

@article{deeplcomputervision,
author = {Shanmugamani, Rajalingappaa},
year = {2018},
month = {01},
title = {Deep Learning for Computer Vision},
journal = {Packt Publishing},
}

@article{nadam,
author = {Dozat, Timothy},
year = {2016},
title = {Incorporating Nesterov momentum into Adam},
journal = {ICLR Workshops},
}

@article{
empiricaloptimizers,
title={On Empirical Comparisons of Optimizers for Deep Learning},
author={Dami Choi and Christopher J. Shallue and Zachary Nado and Jaehoon Lee and Chris J. Maddison and George E. Dahl},
year={2020},
url={https://openreview.net/forum?id=HygrAR4tPS}
}

Deep Learning for Computer Vision
 2 REVIEWS
by Rajalingappaa Shanmugamani
Publisher: Packt Publishing
Release Date: January 2018
ISBN: 9781788295628
Topic: Computer Vision